@article{rodriguez2015sistema,
  title={Sistema de medici{\'o}n de la calidad de la educaci{\'o}n f{\'\i}sica en Chile y su influencia en la realidad escolar},
  author={Rodriguez, Fernando Javier and Coz, Daniel Alexis Estrada and Dur{\'a}n, Tom{\'a}s Quezada and Guajardo, {\'A}lvaro Andr{\'e}s Tapia and Alvarado, Carlos Humberto Valderrama and Do{\~n}a, Alberto Moreno},
  journal={Movimento},
  pages={435--448},
  year={2015}
}
