@article{becerra2010movimiento,
  title={Movimiento en dos direcciones o movimiento semiparabolico},
  author={BECERRA, HUGO ARMANDO GALLEGO and Orozco, Hoover and Palacio, Jairo Ram{\'\i}rez},
  journal={Scientia et technica},
  volume={16},
  number={45},
  pages={186--191},
  year={2010},
  publisher={Universidad Tecnol{\'o}gica de Pereira}
}

@article{rodriguez2015sistema,
  title={Sistema de medici{\'o}n de la calidad de la educaci{\'o}n f{\'\i}sica en Chile y su influencia en la realidad escolar},
  author={Rodriguez, Fernando Javier and Coz, Daniel Alexis Estrada and Dur{\'a}n, Tom{\'a}s Quezada and Guajardo, {\'A}lvaro Andr{\'e}s Tapia and Alvarado, Carlos Humberto Valderrama and Do{\~n}a, Alberto Moreno},
  journal={Movimento},
  pages={435--448},
  year={2015}
}